



@inproceedings{serre2006parity,
  title={Parity games played on transition graphs of one-counter processes},
  author={Serre, Olivier},
  booktitle={International Conference on Foundations of Software Science and Computation Structures},
  pages={337--351},
  year={2006},
  organization={Springer}
}


%https://scholar.googleusercontent.com/scholar.bib?q=info:yqmIMZbSduYJ:scholar.google.com/&output=citation&scisdr=CgXPv3ZIELO_utzkCV4:AAGBfm0AAAAAYVbiEV7pyu7-r5dzu3Gs_NUTP_g8yMk2&scisig=AAGBfm0AAAAAYVbiEQOQVDZJvgDyihC67i6GPLd6V-mt&scisf=4&ct=citation&cd=-1&hl=en


@inproceedings{BHIMV06,
  author    = {A. Bouajjani and
               M. Bozga and
               P. Habermehl and
               R. Iosif and
               P. Moro and
               T. Vojnar},
  title     = {Programs with Lists Are Counter Automata},
  booktitle = {CAV},
  year      = {2006},
  publisher = {Springer},
  series    = {LNCS},
  volume    = {4144}
}

@article{alur1994theory,
  title={A theory of timed automata},
  author={Alur, Rajeev and Dill, David L},
  journal={Theoretical computer science},
  volume={126},
  number={2},
  pages={183--235},
  year={1994},
  publisher={Elsevier}
}

% https://scholar.googleusercontent.com/scholar.bib?q=info:QQVyz2lZLUcJ:scholar.google.com/&output=citation&scisdr=CgUxxNCMELS3zRPmHvs:AAGBfm0AAAAAXuTjBvt4RshiIJa4QLcWwf96EmYG0rVo&scisig=AAGBfm0AAAAAXuTjBgQx9uT5u5jZ7weprfRUQEZ63C3q&scisf=4&ct=citation&cd=-1&hl=fr



@article{BQS-lmcs19,
  journal = {Logical Methods in Computer Science},
  author = {Bollig, Benedikt and Quaas, Karin and Sangnier, Arnaud},
  title = {The Complexity of Flat Freeze LTL},
  volume = {15},
  number = {3},
  pages = {32:1-32:26},
  year = 2019,
  doi = {10.23638/LMCS-15(3:32)2019},
  pdf = {https://lmcs.episciences.org/5795/pdf},
  url = {https://arxiv.org/abs/1609.06124},
}

% http://www.lsv.fr/Publis/authors/bollig.html
% http://www.lsv.fr/Publis/authors/bollig_bib.html#BQS-lmcs19




@inproceedings{benevs2015language,
  title={Language emptiness of continuous-time parametric timed automata},
  author={Bene{\v{s}}, Nikola and Bezd{\v{e}}k, Peter and Larsen, Kim G and Srba, Ji{\v{r}}{\'\i}},
  booktitle={International Colloquium on Automata, Languages, and Programming},
  pages={69--81},
  year={2015},
  organization={Springer}
}
% https://scholar.googleusercontent.com/scholar.bib?q=info:b7WbzOu9xSUJ:scholar.google.com/&output=citation&scisdr=CgUxxNCMEI6Vp0t1bXc:AAGBfm0AAAAAXr5wdXdbmavc7LapRSOc3OtcRktVvaQ7&scisig=AAGBfm0AAAAAXr5wdTBW2pRt1VJJARglNeViuRRQro3k&scisf=4&ct=citation&cd=-1&hl=en



@article{BundalaO17,
  title={On parametric timed automata and one-counter machines},
  author={Bundala, Daniel and Ouaknine, Joel},
  journal={Information and Computation},
  volume={253},
  pages={272--303},
  year={2017},
  publisher={Elsevier}
}
% https://scholar.googleusercontent.com/scholar.bib?q=info:uI8zqsjk_oIJ:scholar.google.com/&output=citation&scisdr=CgUxxNCMEPyr-Fyfj-4:AAGBfm0AAAAAXqmal-6jgMe9esJMh6N40g3QVo9nQiuu&scisig=AAGBfm0AAAAAXqmal3FJV1q1_FZ5futb8YSGULaBrLCR&scisf=4&ct=citation&cd=-1&hl=en


@article{haase2012complexity,
  title={On the complexity of model checking counter automata},
  author={Haase, Christoph},
  year={2012}
}

% https://scholar.googleusercontent.com/scholar.bib?q=info:_NpyB7J6C6kJ:scholar.google.com/&output=citation&scisdr=CgUxxNCMEPCD1TTBUwU:AAGBfm0AAAAAXsLESwXHOScFzrkfMfssI-uJD6XJAOkV&scisig=AAGBfm0AAAAAXsLES2bWMdTaOdJr-ecc2COpUQO8Yt0D&scisf=4&ct=citation&cd=-1&hl=en



@article{widjaja2008unary,
  title={Unary finite automata vs. arithmetic progressions},
  author={Widjaja To, Anthony},
  journal={arXiv},
  pages={arXiv--0812},
  year={2008}
}


% https://scholar.googleusercontent.com/scholar.bib?q=info:EAQeApOU370J:scholar.google.com/&output=citation&scisdr=CgUxxNCMEKyf8NU9TjE:AAGBfm0AAAAAXyw4VjE6bYj6DsRUSHrnXXB-OLg5Ptei&scisig=AAGBfm0AAAAAXyw4VkkbKOsURIaaURPIulqawUtQ59Ao&scisf=4&ct=citation&cd=-1&hl=en&scioq=Stefan+Goller,+Richard+Mayr,+and+Anthony+Widjaja+To.+On+the+computational+complexity+ofverifying+one-counter+processes.+In+2009+24th+Annual+IEEE+Symposium+on+Logic+In+ComputerScience,+pages+235-244.+IEEE,+2009.


@inproceedings{goller2009computational,
  title={On the computational complexity of verifying one-counter processes},
  author={Goller, Stefan and Mayr, Richard and To, Anthony Widjaja},
  booktitle={2009 24th Annual IEEE Symposium on Logic In Computer Science},
  pages={235--244},
  year={2009},
  organization={IEEE}
}

% https://scholar.googleusercontent.com/scholar.bib?q=info:R8PWSfx8vjoJ:scholar.google.com/&output=citation&scisdr=CgUxxNCMEO6DyzNZJiU:AAGBfm0AAAAAXsVcPiUI16y8-bio_Ps5QoG3EZML76hX&scisig=AAGBfm0AAAAAXsVcPp4u2TDJUEjAso88lLJ0UFqXw88w&scisf=4&ct=citation&cd=-1&hl=en







@inproceedings{goller2010model,
  title={Model checking succinct and parametric one-counter automata},
  author={G{\"o}ller, Stefan and Haase, Christoph and Ouaknine, Jo{\"e}l and Worrell, James},
  booktitle={International Colloquium on Automata, Languages, and Programming},
  pages={575--586},
  year={2010},
  organization={Springer}
}

% https://scholar.googleusercontent.com/scholar.bib?q=info:zToKg-nEITsJ:scholar.google.com/&output=citation&scisdr=CgUxxNCMEI-SjSMIoz0:AAGBfm0AAAAAXtUNuz2Y1lBzK8evTuT5Sdlvw3E38X26&scisig=AAGBfm0AAAAAXtUNu8mwe2Kh0skF_FuLw4K2-f-FmnYK&scisf=4&ct=citation&cd=-1&hl=en


@article{goller2009branching,
  title={Branching-time model checking of one-counter processes},
  author={G{\"o}ller, Stefan and Lohrey, Markus},
  journal={arXiv preprint arXiv:0909.1102},
  year={2009}
}


% https://scholar.googleusercontent.com/scholar.bib?q=info:hu6NDaB_v3cJ:scholar.google.com/&output=citation&scisdr=CgUxxNCMEI-SjSMUhxE:AAGBfm0AAAAAXtURnxG8Nocr6He0k1715eMMwgZ83hfU&scisig=AAGBfm0AAAAAXtURnwgmhAPPQK92xB9Zoq-qk7YUDwtV&scisf=4&ct=citation&cd=-1&hl=en


@article{cai1991pspace,
  title={PSPACE survives constant-width bottlenecks},
  author={Cai, Jin-Yi and Furst, Merrick},
  journal={International Journal of Foundations of Computer Science},
  volume={2},
  number={01},
  pages={67--76},
  year={1991},
  publisher={World Scientific}
}

% https://scholar.googleusercontent.com/scholar.bib?q=info:T14S6VXhmxcJ:scholar.google.com/&output=citation&scisdr=CgUxxNCMEOe0gCHJeFc:AAGBfm0AAAAAXtfMYFfya-qAyZY55ev6hc1YzTG6-9DU&scisig=AAGBfm0AAAAAXtfMYIG_cFtmdtsyZ6V2STD4ISq2YOdD&scisf=4&ct=citation&cd=-1&hl=en

@inproceedings{hertrampf1993power,
  title={On the power of polynomial time bit-reductions},
  author={Hertrampf, Ulrich and Lautemann, Clemens and Schwentick, Thomas and Vollmer, Heribert and Wagner, Klaus W},
  booktitle={[1993] Proceedings of the Eigth Annual Structure in Complexity Theory Conference},
  pages={200--207},
  year={1993},
  organization={IEEE}
}


% https://scholar.googleusercontent.com/scholar.bib?q=info:MTwyOsHutoUJ:scholar.google.com/&output=citation&scisdr=CgUxxNCMEI-SjSMXMk8:AAGBfm0AAAAAXtUSKk8sSJq0iQbO30Ck8OKxY0EE7jLY&scisig=AAGBfm0AAAAAXtUSKgv_o33lsmKXVQZBk4JeiSsFYjtq&scisf=4&ct=citation&cd=-1&hl=en




@article{nair1982chebyshev,
  title={On Chebyshev-type inequalities for primes},
  author={Nair, Mohan},
  journal={The American Mathematical Monthly},
  volume={89},
  number={2},
  pages={126--129},
  year={1982},
  publisher={Taylor \& Francis}
}

% https://scholar.googleusercontent.com/scholar.bib?q=info:ja0DhnAVQBYJ:scholar.google.com/&output=citation&scisdr=CgUxxNCMEOq44VraRbc:AAGBfm0AAAAAXq_fXbeQGFkfva1e86HdZoZausAZ7vMC&scisig=AAGBfm0AAAAAXq_fXQFDgazwPudCFTbNSZy5XxjvwxAf&scisf=4&ct=citation&cd=-1&hl=en
% https://scholar.google.com/scholar_lookup?hl=en&publication_year=1982&pages=126-129&author=M.+Nair&title=On+Chebyshev-type+inequalities+for+primes




@book{baier2008principles,
  title={Principles of model checking},
  author={Baier, Christel and Katoen, Joost-Pieter},
  year={2008},
  publisher={MIT press}
}


% https://scholar.googleusercontent.com/scholar.bib?q=info:lP_VqIXvmsIJ:scholar.google.com/&output=citation&scisdr=CgUxxNCMELS3zRJYsR4:AAGBfm0AAAAAXuVdqR5ZZ3jky43BwUD1Fh4LeGxEHThN&scisig=AAGBfm0AAAAAXuVdqa1oPuumoxQlXSn-6msxg20AFi6A&scisf=4&ct=citation&cd=-1&hl=fr



@article{andre2019s,
  title={What's decidable about parametric timed automata?},
  author={Andr{\'e}, {\'E}tienne},
  journal={International Journal on Software Tools for Technology Transfer},
  volume={21},
  number={2},
  pages={203--219},
  year={2019},
  publisher={Springer}
}


% https://scholar.googleusercontent.com/scholar.bib?q=info:jpaTqjMllucJ:scholar.google.com/&output=citation&scisdr=CgUxxNCMEKGHoylDHsA:AAGBfm0AAAAAXt9GBsBLFfQ1CiO7_pl9IZ6G6WKaNQU0&scisig=AAGBfm0AAAAAXt9GBjkA4d87XD42lRJLAyng9wFnRi_g&scisf=4&ct=citation&cd=-1&hl=en






@inproceedings{IJTW93-icalp,
  author    = {O. H. Ibarra and
               T. Jiang and
               N. Tr{\^a}n and
               H. Wang},
  title     = {New Decidability Results Concerning Two-way Counter Machines
               and Applications},
  booktitle = {ICALP},
  year      = {1993},
  publisher = {Springer},
  series    = {LNCS},
  volume    = {700}
}

@article{Minsky,
 author = {M.\ Minsky},
 title = {Recursive Unsolvability of Post's Problem of "Tag" and other
         Topics in Theory of Turing Machines},
 journal ={Annals of Math.},
 number = {3},
 volume ={74},
  year ={1961}}

@article{BHM03-tcs,
 author = {A. Bouajjani and P. Habermehl and R. Mayr},
 title = {Automatic verification of recursive procedures with one integer
parameter},
 journal = {Theor. Comp. Sci.},
 volume = {295},
 number = {1--3},
 year = {2003},
 issn = {0304--3975},
 pages = {85--106},
 publisher = {Elsevier Science Publishers Ltd.}
 }

                                                                                @ARTICLE{SV08,
   author = {A. Smrcka and T. Vojnar},
   title = {Verifying Parametrised Hardware Designs Via Counter Automata},
   pages = {51--68},
   booktitle = {Hardware and Software, Verification and Testing},
   journal = {Lecture Notes in Computer Science},
   volume = {2008},
   number = {4899},
   year = {2008},
   publisher = {Springer Verlag}
}


@inproceedings{XDI03-icalp,
  author    = {G. Xie and
               Z. Dang and
               O. H. Ibarra},
  title     = {A Solvable Class of Quadratic Diophantine Equations with
               Applications to Verification of Infinite-State Systems},
  year      = {2003},
  booktitle     = {Proc.\ ICALP 2003},
  publisher = {Springer},
  series    = {LNCS},
  volume    = {2719}
}

@article{L76-ams,
  author = {L. Lipshitz},
  title = {The diophantine problem for addition and divisibility},
  journal   = {Transaction of the American Mathematical Society},
  volume    = {235},
  year      = {1976},
  pages     = {271-283}
}

@inproceedings{AHV93-stoc,
 author = {Rajeev Alur and Thomas A Henzinger and Moshe Y Vardi.},
 title = {Parametric real-time reasoning},
 booktitle = {Proc.\ STOC'93},
 year = {1993},
 pages = {592--601},
 publisher = {ACM}
 }

@inproceedings{LLT05-rta,
      author =    {P. Lafourcade and D. Lugiez and R. Treinen},
      booktitle =    {Research Report LSV-04-16},
      publisher =    {LSV, ENS de Cachan},
      title =    {Intruder Deduction for {AC}-like Equational
                  Theories with Homomorphisms},
      year =    {2004}
}


@book{CLR90,
    author = "T. Cormen and C. Leiserson and R. Rivest",
    title = "Introduction to algorithms",
    year = "1990",
    publisher = "MIT Press and McGraw-Hill"
}

@article{P81,
 author = {C. Papadimitriou},
 title = {On the complexity of integer programming},
 journal = {J. ACM},
 volume = {28},
 number = {4},
 year = {1981},
 issn = {0004-5411},
 pages = {765--768},
 doi = {http://doi.acm.org/10.1145/322276.322287},
 publisher = {ACM},
 address = {New York, NY, USA},
 }

@article{ID06-tcs,
 author = {O. H. Ibarra and Z. Dang},
 title = {On the solvability of a class of diophantine equations and applications},
 journal = {Theor. Comput. Sci.},
 volume = {352},
 number = {1},
 year = {2006},
 issn = {0304-3975},
 pages = {342--346},
 doi = {http://dx.doi.org/10.1016/j.tcs.2005.12.001},
 publisher = {Elsevier Science Publishers Ltd.},
 address = {Essex, UK},
 }

@book{GJ79,
 author = {M. R. Garey and D. S. Johnson},
 title = {Computers and Intractability: A Guide to the Theory of NP-Completeness},
 year = {1979},
 isbn = {0716710447},
 publisher = {W. H. Freeman \& Co.},
 address = {New York, NY, USA},
}

@article{ID04-tcs,
 author = {O. H. Ibarra and Z. Dang},
 title = {On two-way finite automata with monotonic counters and
                  quadratic Diophantine equations},
 journal = {Theor. Comput. Sci.},
 volume = {312},
 number = {2-3},
 year = {2004},
 pages = {359--378},
 publisher = {Elsevier Science Publishers Ltd.}
 }

@inproceedings{BIL06-icalp,
  author    = {M. Bozga and
               R. Iosif and
               Y. Lakhnech},
  title     = {Flat Parametric Counter Automata},
  year      = {2006},
  booktitle     = {Proc.\ ICALP'06},
  publisher = {Springer},
  series    = {LNCS},
  volume    = {4052}
}

% Model Checking Z-Counter automata

% Model checking (freeze) over One-Counter automata
 @article{DL08-tocl,
  	author =	{S. Demri and R. Lazi{\'c}},
  	journal =	{ACM Transactions on Computational Logic},
  	note =	{To appear},
  	publisher =	{ACM Press},
  	title =	{{LTL} with the freeze quantifier and register automata},
  	year =	{2009}
}

% Habil thesis, contains problem 13 on page 61
 @phdthesis{demri-hab2007,
  	author =	{S. Demri},
  	school =	{Universit{\'e} Paris~7},
  	type =	{M{\'e}moire d'habilitation},
  	title =	{Logiques pour la sp{\'e}cification et v{\'e}rification},
  	year =	{2007}
}

% Emptiness in One-Z-counter automata
 @inproceedings{DG-time07,
  	author =	{S. Demri and R. Gascon},
  	booktitle =	{Proc.\ {TIME}'07},
  	DOI =	{10.1109/TIME.2007.63},
  	publisher =	{{IEEE} Computer Society Press},
  	title =	{The Effects of Bounding Syntactic Resources on {P}resburger {LTL}},
  	year =	{2007},
}


% Flat counter automata
@inproceedings{LS08-atva,
  author    = {J. Leroux and
               G. Sutre},
  title     = {Flat Counter Automata Almost Everywhere!},
  year      = {2005},
  booktitle     = {Proc.\ {ATVA}'05},
  publisher = {Springer},
  series    = {LNCS},
  volume    = {3707}
}

@inproceedings{CJ98-cav,
 author = {H. Comon and Y. Jurski},
 title = {Multiple Counters Automata, Safety Analysis and Presburger
                  Arithmetic},
 booktitle = {Proc.\ {CAV}'98},
 year = {1998},
 volume ={1427},
 series    = {LNCS},
 publisher = {Springer},
 }

% see also BIL06-icalp above

% Reversal bounded counter automata

% see ID06-tcs

% Bisimulation, Similarity
@inproceedings{K00-icalp,
 author = {A. Ku\v{c}era},
 title = {Efficient Verification Algorithms for One-Counter Processes},
 booktitle = {Proc.\ {ICALP}'00},
 year = {2000},
 publisher = {Springer},
  series    = {LNCS},
 volume = {1853}
 }

@inproceedings{AC98-concur,
  author    = {P. A. Abdulla and
               K. Cerans},
  title     = {Simulation Is Decidable for One-Counter Nets (Extended
                  Abstract)},
  booktitle = {Proc.\ {CONCUR}'98},
  publisher = {Springer},
  series    = {LNCS},
  volume    = {1466},
  year      = {1998}
}

@article{JKMZ04-ic,
 author = {P. Jan\v{c}ar and A. Ku\v{c}era and F. Moller and Z. Sawa},
 title = {{DP} Lower bounds for equivalence-checking and model-checking of one-counter automata},
 journal = {Information Computation},
 volume = {188},
 number = {1},
 year = {2004},
 issn = {0890-5401},
 pages = {1--19},
 doi = {http://dx.doi.org/10.1016/S0890-5401(03)00171-8},
 publisher = {Academic Press, Inc.},
 address = {Duluth, MN, USA},
 }


@inproceedings{CR04-webdb,
 author = {Cristiana Chitic and Daniela Rosu},
 title = {On validation of XML streams using finite state machines},
 booktitle = {WebDB '04: Proceedings of the 7th International Workshop on the Web and Databases},
 year = {2004},
 pages = {85--90},
 location = {Paris, France},
 doi = {http://doi.acm.org/10.1145/1017074.1017096},
 publisher = {ACM},
 address = {New York, NY, USA},
 }

@inproceedings{Mayr,
 author = {Mayr, E. W.},
 title = {An algorithm for the general Petri net reachability problem},
 booktitle = {Proc.\ STOC'81},
 year = {1981},
 pages = {238--246},
 publisher = {ACM},
 address = {New York, NY, USA},
 }

@inproceedings{VW86-lics,
    author = {Vardi, Moshe Y. and Wolper, Pierre},
    booktitle = {Proceedings of the First IEEE Symposium on Logic in Computer Science},
    citeulike-article-id = {842170},
    keywords = {automata, bibtex-import, checking, model, verification},
    local-url = {file://localhost/Users/Shared/papers/vardi-lics86.pdf},
    pages = {322--331},
    posted-at = {2006-09-13 20:27:05},
    priority = {2},
    title = {An automata-theoretic approach to automatic program verification},
    year = {1986}
}

@book{P94-book,
    title={{Computational complexity}},
    booktitle={{Computational complexity}},
    author={Christos M. Papadimitriou},
    ISBN={0201530821},
    publisher={Addison-Wesley},
    address={Reading, Massachusetts},
    year={1994}
}

@inproceedings{WW99-jewels,
 author = {Plandowski, Wojciech and Rytter, Wojciech},
 title = {Complexity of Language Recognition Problems for Compressed Words},
 booktitle = {Jewels are Forever, Contributions on Theoretical Computer Science in Honor of Arto Salomaa},
 year = {1999},
 isbn = {3-540-65984-6},
 pages = {262--272},
 publisher = {Springer-Verlag},
 address = {London, UK},
 }

@inproceedings{LP85-popl,
 author = {Lichtenstein, Orna and Pnueli, Amir},
 title = {Checking that finite state concurrent programs satisfy their linear specification},
 booktitle = {POPL '85: Proceedings of the 12th ACM SIGACT-SIGPLAN symposium on Principles of programming languages},
 year = {1985},
 isbn = {0-89791-147-4},
 pages = {97--107},
 location = {New Orleans, Louisiana, United States},
 doi = {http://doi.acm.org/10.1145/318593.318622},
 publisher = {ACM},
 address = {New York, NY, USA},
 }

@inproceedings{DBLP:conf/icalp/AbdullaJ94,
  author    = {Parosh Aziz Abdulla and
               Bengt Jonsson},
  editor    = {Serge Abiteboul and
               Eli Shamir},
  title     = {Undecidable Verification Problems for Programs with Unreliable Channels},
  booktitle = {Automata, Languages and Programming, 21st International Colloquium,
               ICALP94, Jerusalem, Israel, July 11-14, 1994, Proceedings},
  series    = {Lecture Notes in Computer Science},
  volume    = {820},
  pages     = {316--327},
  publisher = {Springer},
  year      = {1994},
  url       = {https://doi.org/10.1007/3-540-58201-0\_78},
  doi       = {10.1007/3-540-58201-0\_78},
  timestamp = {Tue, 31 Aug 2021 12:07:12 +0200},
  biburl    = {https://dblp.org/rec/conf/icalp/AbdullaJ94.bib},
  bibsource = {dblp computer science bibliography, https://dblp.org}
}


